@manual{sample,
  author = {TU Dortmund},
  title = {Versuchsanleitung-Biegung elastischer St√§be},

}

@online{chemie,
  title  = "Chemie.de",
  url = "https://www.chemie.de/lexikon/Elastizit%C3%A4tsmodul.html"
}